@book{freire1987, title={Pedagogia do Oprimido}, author={Freire, Paulo}, year={1987}}