@article{einstein1905,
  author = {Einstein, Albert},
  title = {Zur Elektrodynamik bewegter KÃ¶rper},
  journal = {Annalen der Physik},
  volume = {322},
  number = {10},
  pages = {891--921},
  year = {1905},
  publisher = {Wiley Online Library}
}


@article{kobak2025llm,
  author    = {Dmitry Kobak and Rita Gonz{\'a}lez-M{\'a}rquez and Em{\H{o}}ke-{\'A}gnes Horv{\'a}t and Jan Lause},
  title     = {Delving into LLM-assisted writing in biomedical publications through excess vocabulary},
  journal   = {Science Advances},
  year      = {2025},
  volume    = {11},
  number    = {27},
  doi       = {10.1126/sciadv.adt3813},
  url       = {https://www.science.org/doi/10.1126/sciadv.adt3813},
  language  = {en},
  urldate   = {2025-10-30}
}

@misc{yeadon2024ai,
  author    = {Will Yeadon and Elise Agra and Oto-obong Inyang and Paul Mackay and Arin Mizouri},
  title     = {Evaluating AI and Human Authorship Quality in Academic Writing through Physics Essays},
  year      = {2024},
  url       = {https://arxiv.org/abs/2403.05458},
  language  = {en},
  urldate   = {2025-10-30}
}

@misc{geng2024style,
  author    = {Mingmeng Geng and Roberto Trotta},
  title     = {Is ChatGPT Transforming Academics' Writing Style?},
  year      = {2024},
  url       = {https://arxiv.org/abs/2404.08627},
  language  = {en},
  urldate   = {2025-10-30}
}
